%! Author = marti
%! Date = 4/28/2021

